3008 4950
532 408 535 415 ¹
609 411 658 425 -ι
712 376 759 445 58
812 413 860 426 -ι
984 424 990 432 ,

965 471 970 481 Ι

7 660 10 667 .
97 536 393 680 x'l·l.c.)⁴²⁸‘).
420 581 563 657 Trabes
583 598 711 659 antem
740 578 1035 676 etgtraheculse,
1056 586 1312 660 adsubstan-
1384 584 1390 593 '

119 762 123 776 ·
175 718 270 789 tiam
298 715 443 788 scilicet
460 707 718 796 medullarem
746 715 981 802 referendae,
1008 718 1171 812 speciem
1196 741 1312 813 prae-

119 853 122 861 '
151 851 153 854 ⁴
175 843 267 917 bent
292 847 508 927 tenerrime¹
522 838 706 918 striatam,
721 885 778 900 -
799 845 857 918 ln'
871 845 1061 940 ejusmodi
1085 849 1310 941 segmentis,

61 1024 64 1031 n
94 1044 100 1055 ,
175 973 285 1046 acido
303 975 493 1047 ¹sulfurico
523 987 765 1047 concentrato
791 962 995 1071 respersis,
1028 957 1163 1049 trabes¹
1182 977 1328 1048 trabe··

86 1143 88 1148 ·
175 1107 355 1201 culaequc
395 1104 605 1201 paullulum
648 1108 930 1195 intumescunt3
970 1120 1063 1178 tum
1099 1101 1330 1208 nonnullis·

174 1235 268 1309 locis
300 1236 405 1306 brevi
431 1248 518 1331 post
554 1213 785 1308 lincamenta
813 1238 987 1308 oriuntur
1003 1238 1310 1335 uin'conspicua

20 1368 25 1375 '
120 1356 121 1360 ’
175 1366 482 1461 corpusculorum
527 1366 734 1437 admodum
765 1374 1102 1461 compressorum,
1145 1345 1332 1463 quorum¹
1377 1368 1381 1390 '

34 1485 63 1551 ἶ
175 1492 561 1601 diametrns'longior
594 1519 678 1567 curn
714 1488 957 1567 substantiae*
982 1498 1172 1588 corticalis
1198 1520 1310 1589 regu·

16 1620 19 1629 ’
101 1649 104 1654 ·
174 1624 244 1709 lis,
286 1610 379 1720 quas
419 1625 501 1697 dixi
542 1627 600 1698 vel
638 1648 728 1696 cum
759 1627 1000 1739 spinae-axi
1035 1626 1308 1720 longitudiuali

149 1751 152 1754 ⁴
173 1767 317 1826 rectum
336 1757 375 1826 in
393 1756 571 1849 angulum
599 1754 851 1848 congreditur.
890 1756 983 1827 Post
1007 1739 1310 1851 aliquot··<quat-

174 1885 277 1976 tuor)
317 1884 398 1962 dies
437 1886 477 1956 in
507 1885 718 1962 trabeculis
760 1885 1023 1981 trabibusque,
1050 1876 1174 1957 -inter
1209 1909 1308 1981 quas

100 2025 106 2036 ‘
171 1994 378 2086 interstitia
411 2016 611 2106 autgnnlla
636 2003 702 2087 a'ut
718 2017 897 2102 minima
913 2027 1060 2111 tantum
1088 2018 1306 2112 supersunt,

111 2175 113 2178 ¹
170 2148 500 2240 corpusculorum,
518 2147 520 2152 ’
537 2169 634 2242 quae
670 2145 786 2218 modo
816 2130 1147 2231 commemoraui,
1168 2145 1306 2218 eadem

173 2265 253 2348 fere
289 2277 522 2379 lineamenta
556 2277 846 2370 sed-ampliora
868 2281 918 2346 'et
957 2273 1077 2369 magis
1113 2275 1308 2363 distincta,

81 2389 85 2402 ¹
173 2420 211 2501 et
243 2409 344 2477 intra
380 2406 472 2477 hacc
508 2408 658 2478 minora
693 2408 916 2501 corpuscula
949 2397 1312 2483 subruemus-'con

172 2537 393 2632 spiciunt'ur.
459 2535 585 2619 Simili
612 2536 747 2622 modo,
775 2536 841 2608 sed
871 2528 996 2607 minus
1024 2526 1234 2631 elegant-er,
1252 2539 1309 2608 in
1341 2531 1366 2619 J

67 2687 71 2698 “
174 2660 423 2758 segmentis,
441 2690 488 2738 cx
525 2669 624 2738 notri
663 2669 855 2738 solutione
888 2669 1025 2787 coctis,
1066 2690 1130 2738 ea
1143 2668 1308 2738 mutatio
1361 2745 1367 2754 ‚

90 2853 92 2860 .
173 2795 351 2867 succedit.
416 2795 522 2876 Inde
543 2799 707 2891 parietes
742 2769 1025 2912 intergerinds‚
1051 2797 1180 2891 quales
1216 2811 1310 2867 sunt

172 2927 212 2997 in
243 2927 362 3020 spinis
390 2926 559 3018 integ-ris,
586 2928 793 3036 cellulisa
769 2929 1013 3023 asuperiore
1038 2923 1146 3023 parte
1173 2927 1260 2999 ad
1249 2949 1311 2999 ιιι·

84 3087 87 3096 ·
172 3052 352 3129 seriorem
385 3078 496 3150 quam
527 3057 693 3127 maxime
715 3052 974 3153 compressis,
1008 3057 1193 3127 formatos
1222 3079 1311 3128 esse

102 3163 104 3167 V
173 3187 386 3291 concludes.
454 3187 530 3258 Aer
557 3198 699 3258 autem.
719 3189 819 3260 inter
843 3167 931 3258 illos
965 3198 1112 3258 tantum
1139 3188 1309 3280 parietes

67 3358 69 3363 <
172 3330 355 3388 versatur.
415 3317 603 3410 Pigmenti
640 3293 873 3411 granula'in
907 3317 1052 3388 cellulis
1087 3317 1311 3416 medullari·

172 3446 243 3519 bus
272 3445 349 3518 non
375 3448 632 3519 inveniuntur.

178 3680 520 3693 s-—u—-nq--fi

296 3819 351 3891 48)
393 3812 557 3896 Segmenta
577 3815 638 3876 alia
666 3816 827 3894 eveniunt,
857 3817 884 3876 si
909 3817 1072 3895 antonius
1093 3814 1183 3891 (Tol.
1200 3812 1228 3876 l.
1253 3817 1309 3899 fig.

95 3922 98 3930 ι
172 3904 224 3963 11.
242 3901 286 3980 a‘)
311 3899 516 3980 antaplurinm
535 3900 729 3965 'substantiae
752 3899 904 3959 corticalis
926 3921 1118 3998 processuum
1142 3910 1242 3981 partes
1266 3902 1312 3960 si·

171 3984 234 4045 mul
257 3985 404 4044 dissectae
427 3992 520 4057 sunt3
544 3984 656 4062 quod
647 3983 799 4062 imprimis
821 3982 891 4062 fiet,
914 3984 941 4042 si
963 3985 1141 4043 sectionem
1149 4001 1208 4051 non
1232 3985 1312 4044 satis
1371 3992 1376 4002 “

171 4069 307 4128 accurate
330 4087 382 4147 per
405 4065 531 4124 mediam
553 4067 667 4146 spinam
689 4067 861 4153 perfeceris.
880 4027 957 4128 Sed
978 4067 1055 4126 lianc
1077 4088 1139 4126 rem
1164 4085 1224 4126 non
1246 4088 1312 4127 anr-

170 4151 253 4230 plius
276 4151 451 4231 respiciam,
484 4168 550 4207 unm
572 4150 719 4246 figuras,
725 4149 786 4208 tum
812 4149 907 4229 magis
932 4142 1138 4230 complicatas,
1160 4149 1312 4210 facillime

170 4234 432 4329 interpretaberis,
455 4232 482 4290 si
505 4233 631 4291 trabes
622 4252 654 4292 ln
674 4232 771 4313 spinis
796 4232 923 4314 integris
944 4234 1137 4294 crassitudini
1158 4233 1311 4314 parietum

62 4350 91 4397 .'
172 4314 432 4398 intergerinorum,
457 4316 509 4395 qui
530 4315 639 4396 ubique
654 4319 690 4376 ad
712 4314 908 4395 peripheriam
932 4314 1134 4378 dividuntur'
1125 4337 1158 4378 ιιι
1178 4317 1237 4377 tria
1260 4317 1311 4377 vel
1371 4363 1376 4371 1

175 4407 312 4476 quattuor
333 4410 436 4479 strate,
456 4400 634 4479 respondere
656 4399 839 4480 cogitatione
860 4399 997 4460 finxeris.
1059 4478 1067 4485 .
1128 4448 1141 4469 x.
1229 4426 1232 4433 ¹
