3008 4950
631 328 911 479 ult--x

352 629 420 688 sas,
458 612 524 670 aire
553 622 709 693 carentes,
750 635 872 694 quarum
902 614 1004 675 stratis
1037 614 1203 675 formantur
1232 613 1262 675 d.
1292 610 1322 672 d.

351 727 440 808 radii,
462 702 506 791 erra¹
526 730 632 790 media·
647 731 736 811 spina
757 706 1007 819 atl'snbstantianr
1028 752 1124 812 nsque
1145 732 1317 793 corticalem
1423 791 1438 804 ,

349 850 500 931 producti.

356 968 554 1056 segmentum
584 968 797 1048 transversale,
835 989 875 1029 ex
904 961 1324 1049 llidelpbyos'llirginianae
1388 970 1392 979 ‘
1478 960 1480 968 '

355 1100 487 1173 mystace
517 1089 698 1163 conlectum.
753 1069 939 1146 cellularum
967 1076 1069 1146 nuclei
1098 1084 1129 1144 in
1158 1082 1325 1145 substantia

351 1208 489 1291 cortipali
522 1205 671 1288 pigmenti
706 1202 842 1286 granulis
874 1202 966 1291 celati
998 1212 1086 1289 sunt.
1137 1195 1328 1281 (Dispositio.
1443 1258 1448 1267 ,

352 1326 529 1387 cellularum
555 1304 620 1387 non
645 1326 822 1406 satisapte·
847 1322 996 1384 delineata
1025 1321 1096 1400 est.)
1139 1310 1323 1384 ‘Substantia
1365 1342 1375 1375 r

352 1420 526 1507 medullaris
558 1444 689 1524 quinque
718 1442 878 1524 processus
903 1441 1041 1503 immittit
1068 1443 1101 1502 in
1124 1412 1322 1501 substantiam
1380 1434 1384 1443 '

350 1562 534 1629 ruminalem.
564 1559 620 1622 -ln
643 1562 742 1622 medio
765 1568 920 1642 segmento
942 1569 972 1620 et
998 1561 1030 1621 in
1049 1535 1238 1621 ¹substantiae
1260 1578 1322 1619 me·

237 1692 240 1700 '
352 1681 477 1742 dullaris
499 1681 690 1764 processibus
716 1690 876 1743 occurrunt
895 1681 1012 1741 animae
1033 1688 1143 1763 partes.

169 1914 174 1923 '
212 1881 305 1993 Figg.
325 1892 411 1983 8-9
431 1913 467 1972 ad
492 1909 572 1993 Equi
594 1910 714 1973 Gaballi
735 1913 816 1993 pilos
837 1912 921 1974 albos
941 1876 1111 1988 (candales)
1131 1891 1291 1994 pertinent.

186 2059 258 2145 Fig.
275 2064 307 2125 8.
351 2062 490 2128 Cellnlae
511 2069 691 2132 medullatas
713 2079 875 2151 separatae.
907 2102 948 2117 -·
988 2060 1152 2137 a.'a.a.'a.
1184 2070 1322 2134 Cellulae

353 2185 546 2268 medullatas,
568 2187 731 2269 inquibus
754 2189 843 2248 etiam
866 2198 1028 2269 supersunt
1048 2190 1128 2250 aeris
1153 2188 1300 2251 bullulae.

186 2305 258 2391 Fig.
273 2307 307 2370 9
352 2305 550 2390 segmentum
572 2306 790 2388 transversale,
821 2328 861 2369 ex
882 2307 948 2388 pilo
971 2308 1115 2369 crassiore
1138 2305 1319 2387 confectum.
1417 2354 1424 2361 .

281 2399 284 2405 ’
353 2459 392 2472 -
414 2423 647 2490 atsubstantia
668 2426 832 2487 cottana.
851 2458 890 2474 -
913 2427 942 2488 n.
966 2423 1104 2489 caraune
1126 2429 1320 2506 manuum,

279 2562 286 2569 ·
352 2567 475 2628 quarum
502 2546 581 2607 aliae
608 2525 714 2627 agente
736 2545 800 2606 leoli
821 2547 974 2607 solutione
996 2549 1063 2607 aliae
1085 2550 1207 2626 carent,
1242 2548 1320 2608 aliae

353 2667 444 2726 etiarn
466 2689 501 2726 eo
524 2650 676 2746 praeditae
699 2676 779 2729 sunt.
811 2690 850 2714 ι·-
892 2684 917 2727 c'.
950 2666 1061 2730 Anima
1084 2665 1221 2764 'cellulis'
1241 2687 1321 2726 com·

352 2787 477 2867 pressis,
500 2791 567 2847 atre
589 2808 706 2868 semper
728 2788 893 2870 destitutis,
915 2787 1044 2851 inclusa.

310 2935 328 2953 Ι.
387 2977 530 3062 nisan.
555 2981 606 3044 11.
649 2977 791 3042 Erinacei
821 2979 974 3065 Europaei
1002 2982 1119 3064 spinae.
1174 2960 1181 2969 .

182 3129 256 3215 Fig.
273 3134 324 3193 10.
350 3128 465 3212 Quarta
489 3152 558 3215 pars
580 3134 728 3216 segmenti
750 3133 968 3215 transversalis,
993 3155 1033 3196 ex
1052 3132 1320 3216 spinne'scapoin·

307 3270 323 3331 ſs
351 3251 459 3311 feriore
480 3262 630 3312 coarctato
655 3253 796 3315 confecti.
826 3287 866 3305 -η
902 3274 931 3314 a.
956 3251 1134 3315 Substantia
1155 3255 1318 3346 corticalis.

351 3402 391 3414 -
413 3371 443 3429 b.
461 3366 583 3431 Anima.
604 3403 644 3420 -
666 3391 693 3431 c.
712 3368 815 3432 Strata
836 3372 1013 3434 cellularum
1036 3362 1247 3438 medullarinni
1269 3382 1320 3440 ad·
1383 3428 1386 3437 .

294 3513 297 3519 ·
351 3492 471 3550 modum
491 3510 738 3571 compressorum.
1029 3470 1032 3475 .
1275 3486 1279 3493 ⁸

185 3583 549 3689 Fig.‘11.Segmentum
572 3612 812 3694 longitndinale,
841 3633 882 3675 en
912 3611 999 3694 spina
1019 3615 1117 3676 media
1137 3617 1318 3680 conlectum.

169 3738 173 3745 '
351 3757 391 3795 -γ
414 3749 441 3789 a.
465 3725 659 3789 Substantias
683 3731 836 3792 corticalis
860 3740 983 3792 externa
1005 3752 1084 3813 pars.
1109 3764 1150 3778 -
1176 3737 1219 3796 a‘.
1248 3732 1324 3796 Pars.

351 3844 443 3904 unius
464 3867 643 3927 processus,
674 3868 712 3910 ex
738 3842 921 3909 substantiae
944 3851 1097 3915 corticalis
1119 3851 1190 3911 tubo
1212 3851 1320 3912 intror-

189 4024 192 4031 ,
224 4046 229 4055 1
305 4031 310 4037 .
336 3956 417 4026 ‘snm
434 3966 547 4028 emissi.
564 3999 603 4013 -
624 3967 654 4029 b.
670 3968 700 4027 b.
718 3963 912 4028 Substantias
929 3960 1103 4028 medullaris
1118 3954 1228 4048 trabes,
1244 3986 1319 4048 quae

350 4087 542 4148 extrinsecus
561 4084 715 4145 finduntur
735 4085 768 4145 in
789 4085 970 4145 trabuculas.
994 4117 1035 4132 -·
1059 4105 1087 4146 c.
1112 4071 1320 4145 Membrannla

292 4222 295 4227 ·
350 4204 522 4284 tenerrima,
545 4223 620 4284 quae
644 4206 717 4264 duas
735 4203 901 4265 trabeculas
922 4204 1002 4265 inter
1021 4225 1054 4264 se
1076 4206 1242 4287 conjungit.

185 4322 256 4413 Εἰς.
265 4314 323 4383 12.
349 4317 546 4383 Substantiae
569 4319 722 4381 corticalis
744 4319 886 4401 laminae,
912 4318 1064 4384 exilioris
1079 4321 1235 4384 decumani
1257 4321 1320 4385 ulti

200 4433 238 4513 ¹„
326 4440 415 4520 'pilo
436 4439 581 4503 crassiore
606 4437 773 4503 dissolutae
797 4437 932 4501 adhibito
956 4439 1043 4503 acido
1058 4414 1224 4523 'sulloricm
1325 4478 1337 4501 .
1416 4435 1452 4497 .’
